@article{1-editorinchief-1,
author={Nicaise, Serge},
options={skipbib},
crossref={1}
}

@article{1-fieldseditor-1,
author={Craig, Walter},
options={skipbib},
crossref={1}
}

@article{1-managingeditor-1,
author={Wicker, Nicolas},
options={skipbib},
crossref={1}
}

@article{1-editor-1,
author={Apel, Thomas},
options={skipbib},
crossref={1}
}

@article{1-editor-2,
author={Beauchard, Karine},
options={skipbib},
crossref={1}
}

@article{1-editor-3,
author={von Below, Joachim},
options={skipbib},
crossref={1}
}

@article{1-editor-4,
author={Biernacki, Christophe},
options={skipbib},
crossref={1}
}

@article{1-editor-5,
author={Chainais-Hillairet, Claire},
options={skipbib},
crossref={1}
}

@article{1-editor-6,
author={Dauge, Monique},
options={skipbib},
crossref={1}
}

@article{1-editor-7,
author={David, Sinnou},
options={skipbib},
crossref={1}
}

@article{1-editor-8,
author={Davydov, Youri},
options={skipbib},
crossref={1}
}

@article{1-editor-9,
author={Dèbes, Pierre},
options={skipbib},
crossref={1}
}

@article{1-editor-10,
author={Demailly, Jean-Pierre},
options={skipbib},
crossref={1}
}

@article{1-editor-11,
author={Droniou, Jérôme},
options={skipbib},
crossref={1}
}

@article{1-editor-12,
author={El Kacimi, Aziz},
options={skipbib},
crossref={1}
}

@article{1-editor-13,
author={Fleischmann, Peter},
options={skipbib},
crossref={1}
}

@article{1-editor-14,
author={Fresse, Benoît},
options={skipbib},
crossref={1}
}

@article{1-editor-15,
author={Fricain, Emmanuel},
options={skipbib},
crossref={1}
}

@article{1-editor-16,
author={Gaffney, Eamonn},
options={skipbib},
crossref={1}
}

@article{1-editor-17,
author={Gloria, Antoine},
options={skipbib},
crossref={1}
}

@article{1-editor-18,
author={Godefroy, Gilles},
options={skipbib},
crossref={1}
}

@article{1-editor-19,
author={Grosse-Erdmann, Karl},
options={skipbib},
crossref={1}
}

@article{1-editor-20,
author={Guo, Bao-Zhu},
options={skipbib},
crossref={1}
}

@article{1-editor-21,
author={Lambrechts, Pascal},
options={skipbib},
crossref={1}
}

@article{1-editor-22,
author={Lefèvre, Pascal},
options={skipbib},
crossref={1}
}

@article{1-editor-23,
author={Leroy, André},
options={skipbib},
crossref={1}
}

@article{1-editor-24,
author={Loeb, Jean-Jacques},
options={skipbib},
crossref={1}
}

@article{1-editor-25,
author={Luca, Florian},
options={skipbib},
crossref={1}
}

@article{1-editor-26,
author={Matomäki Kaisa},
options={skipbib},
crossref={1}
}

@article{1-editor-27,
author={Michaux, Christian},
options={skipbib},
crossref={1}
}

@article{1-editor-28,
author={Moerdijk, Ieke},
options={skipbib},
crossref={1}
}

@article{1-editor-29,
author={Murua, Alejandro},
options={skipbib},
crossref={1}
}

@article{1-editor-30,
author={Nakamura, Hiroaki},
options={skipbib},
crossref={1}
}

@article{1-editor-31,
author={van Neerven, Jan},
options={skipbib},
crossref={1}
}

@article{1-editor-32,
author={Nicaise, Johannes},
options={skipbib},
crossref={1}
}

@article{1-editor-33,
author={Norvaisa, Rimas},
options={skipbib},
crossref={1}
}

@article{1-editor-34,
author={Peccati, Giovanni},
options={skipbib},
crossref={1}
}

@article{1-editor-35,
author={Pirashvili, Teimuraz},
options={skipbib},
crossref={1}
}

@article{1-editor-36,
author={Ramaré, Olivier},
options={skipbib},
crossref={1}
}

@article{1-editor-37,
author={Roelly, Sylvie},
options={skipbib},
crossref={1}
}

@article{1-editor-38,
author={Stubbe, Isar},
options={skipbib},
crossref={1}
}

@article{1-editor-39,
author={Suquet, Charles},
options={skipbib},
crossref={1}
}

@article{1-editor-40,
author={Tazzioli, Rossana},
options={skipbib},
crossref={1}
}

@article{1-editor-41,
author={Tignol, Jean-Pierre},
options={skipbib},
crossref={1}
}

@article{1-editor-42,
author={Wu, Jie},
options={skipbib},
crossref={1}
}

@article{1-secretary-1,
author={Smets, Aurore},
options={skipbib},
crossref={1}
}

@article{1-classdesigner-1,
author={Bitouzé, Denis},
options={skipbib},
crossref={1}
}

@article{1-computerengineer-1,
author={Huart, Sébastien},
options={skipbib},
crossref={1}
}

@article{1-fontdesigner-1,
author={Caignaert, Christophe},
options={skipbib},
crossref={1}
}

@periodical{1,
issuetitle={North-Western European Journal of Mathematics},
date={2016-01},
number=1,
options={skipbib}
}

@article{1-author-art-1-1,
author={Last1, First1},
options={skipbib},
crossref={1-art-1}
}

@article{1-author-art-1-2,
author={Last2, First2},
options={skipbib},
crossref={1-art-1}
}

@article{1-author-art-1-3,
author={Last3, First3},
options={skipbib},
crossref={1-art-1}
}

@article{1-author-art-1-4,
author={Last4, First4},
options={skipbib},
crossref={1-art-1}
}

@article{1-art-1,
title={Titre de l'article (french)},
author={Last1, First1 and Last2, First2 and Last3, First3 and Last4, First4},
options={skipbib},
crossref={1}}

@article{1-author-art-2-1,
author={Last5, First5},
options={skipbib},
crossref={1-art-2}
}

@article{1-author-art-2-2,
author={Last6, First6},
options={skipbib},
crossref={1-art-2}
}

@article{1-art-2,
title={Article's Title (english)},
author={Last5, First5 and Last6, First6},
options={skipbib},
crossref={1}}

@article{1-author-art-3-1,
author={Last7, First7},
options={skipbib},
crossref={1-art-3}
}

@article{1-art-3,
title={Beitragstitel (ngerman)},
author={Last7, First7},
options={skipbib},
crossref={1}}

@article{1-author-art-4-1,
author={Last8, First8},
options={skipbib},
crossref={1-art-4}
}

@article{1-author-art-4-2,
author={Last9, First9},
options={skipbib},
crossref={1-art-4}
}

@article{1-author-art-4-3,
author={Last10, First10},
options={skipbib},
crossref={1-art-4}
}

@article{1-author-art-4-4,
author={Last11, First11},
options={skipbib},
crossref={1-art-4}
}

@article{1-author-art-4-5,
author={Last12, First12},
options={skipbib},
crossref={1-art-4}
}

@article{1-author-art-4-6,
author={Last13, First13},
options={skipbib},
crossref={1-art-4}
}

@article{1-author-art-4-7,
author={Last14, First14},
options={skipbib},
crossref={1-art-4}
}

@article{1-author-art-4-8,
author={Last15, First15},
options={skipbib},
crossref={1-art-4}
}

@article{1-author-art-4-9,
author={Last16, First16},
options={skipbib},
crossref={1-art-4}
}

@article{1-author-art-4-10,
author={Last17, First17},
options={skipbib},
crossref={1-art-4}
}

@article{1-author-art-4-11,
author={Last18, First18},
options={skipbib},
crossref={1-art-4}
}

@article{1-author-art-4-12,
author={Last19, First19},
options={skipbib},
crossref={1-art-4}
}

@article{1-author-art-4-13,
author={Last20, First20},
options={skipbib},
crossref={1-art-4}
}

@article{1-art-4,
title={Artikel Titel (dutch)},
author={Last8, First8 and Last9, First9 and Last10, First10 and Last11, First11 and Last12, First12 and Last13, First13 and Last14, First14 and Last15, First15 and Last16, First16 and Last17, First17 and Last18, First18 and Last19, First19 and Last20, First20},
options={skipbib},
crossref={1}}

