@periodical{0,
issuetitle={North-Western European Journal of Mathematics},
date={0-00},
number=0,
options={skipbib}
}

@article{0-author-art-1-1,
author={Last1, First1},
options={skipbib},
crossref={0-art-1}
}

@article{0-author-art-1-2,
author={Last2, First2},
options={skipbib},
crossref={0-art-1}
}

@article{0-author-art-1-3,
author={Last3, First3},
options={skipbib},
crossref={0-art-1}
}

@article{0-author-art-1-4,
author={Last4, First4},
options={skipbib},
crossref={0-art-1}
}

@article{0-art-1,
title={Titre de l'article (french)},
author={Last1, First1 and Last2, First2 and Last3, First3 and Last4, First4},
options={skipbib},
crossref={0}}

